@article{frigyik2008functional,
  title={Functional Bregman divergence and Bayesian estimation of distributions},
  author={Frigyik, B{\'e}la A and Srivastava, Santosh and Gupta, Maya R},
  journal={IEEE Transactions on Information Theory},
  volume={54},
  number={11},
  pages={5130--5139},
  year={2008},
  publisher={IEEE}
}
